<?xml version="1.0" encoding="UTF-8"?><collection xmlns="http://www.loc.gov/MARC21/slim"><record><leader>00449nam--2200157-i-4500</leader><controlfield tag="001">000010285</controlfield><controlfield tag="002">20161230</controlfield><controlfield tag="005">20170208152014</controlfield><controlfield tag="008">060222s1000------------r-----000-0-eng-d</controlfield><datafield ind1=" " ind2=" " tag="100"><subfield code="a">Branco, Jorge</subfield></datafield><datafield ind1=" " ind2=" " tag="245"><subfield code="a">Analise a revisao de projectos pelo metodo pert</subfield></datafield><datafield ind1=" " ind2=" " tag="260"><subfield code="a">Oeiras</subfield><subfield code="b">Centro De Calculo Cientifico</subfield><subfield code="c">1972</subfield></datafield><datafield ind1=" " ind2=" " tag="300"><subfield code="a">88 p</subfield></datafield><datafield ind1=" " ind2=" " tag="490"><subfield code="a">Estudos De Programmacao E Analisa Numerica,Nr9</subfield></datafield><datafield ind1=" " ind2=" " tag="852"><subfield code="a">681.3.06</subfield></datafield><datafield ind1=" " ind2=" " tag="CAT"><subfield code="a">SYS</subfield><subfield code="c">20170208</subfield><subfield code="h">152014</subfield></datafield></record></collection>